@article{lehmann2006winner,
  title={The winner determination problem},
  author={Lehmann, Daniel and M{\"u}ller, Rudolf and Sandholm, Tuomas},
  journal={Combinatorial auctions},
  pages={297--318},
  year={2006}
}

@article{milgrom2020clock,
  title={Clock auctions and radio spectrum reallocation},
  author={Milgrom, Paul and Segal, Ilya},
  journal={Journal of Political Economy},
  volume={128},
  number={1},
  pages={1--31},
  year={2020},
  publisher={The University of Chicago Press Chicago, IL}
}

@article{budish2011combinatorial,
  title={The combinatorial assignment problem: Approximate competitive equilibrium from equal incomes},
  author={Budish, Eric},
  journal={Journal of Political Economy},
  volume={119},
  number={6},
  pages={1061--1103},
  year={2011},
  publisher={University of Chicago Press Chicago, IL}
}

@misc{raman2024steerassessingeconomicrationality,
      title={STEER: Assessing the Economic Rationality of Large Language Models}, 
      author={Narun Raman and Taylor Lundy and Samuel Amouyal and Yoav Levine and Kevin Leyton-Brown and Moshe Tennenholtz},
      year={2024},
      eprint={2402.09552},
      archivePrefix={arXiv},
      primaryClass={cs.CL},
      url={https://arxiv.org/abs/2402.09552}, 
}
@article{rassenti1982combinatorial,
  title={A combinatorial auction mechanism for airport time slot allocation},
  author={Rassenti, Stephen J and Smith, Vernon L and Bulfin, Robert L},
  journal={The Bell Journal of Economics},
  pages={402--417},
  year={1982},
  publisher={JSTOR}
}

@book{kagel2020handbook,
  title={The handbook of experimental economics, volume 2},
  author={Kagel, John H and Roth, Alvin E},
  year={2020},
  publisher={Princeton university press}
}

@article{coppinger1980incentives,
  title={incentives and behavior in english, dutch and sealed-bid auctions},
  author={Coppinger, Vicki M and Smith, Vernon L and Titus, Jon A},
  journal={Economic inquiry},
  volume={18},
  number={1},
  pages={1--22},
  year={1980},
  publisher={Wiley Online Library}
}


@article{cox1986controlled,
  title={Controlled-source electromagnetic sounding of the oceanic lithosphere},
  author={Cox, CS and Constable, SC and Chave, AD and Webb, SC},
  journal={Nature},
  volume={320},
  number={6057},
  pages={52--54},
  year={1986},
  publisher={Nature Publishing Group UK London}
}

@book{kahneman2011thinking,
  title={Thinking, fast and slow},
  author={Kahneman, Daniel},
  year={2011},
  publisher={macmillan}
}

@article{bae2023complexitynet,
  title={ComplexityNet: Increasing LLM Inference Efficiency by Learning Task Complexity},
  author={Bae, Henry and Deeb, Aghyad and Fleury, Alex and Zhu, Kehang},
  journal={arXiv preprint arXiv:2312.11511},
  year={2023}
}

@article{patel2023splitwise,
  title={Splitwise: Efficient generative llm inference using phase splitting},
  author={Patel, Pratyush and Choukse, Esha and Zhang, Chaojie and Shah, Aashaka and Goiri, {\'I}{\~n}igo and Maleki, Saeed and Bianchini, Ricardo},
  journal={Power},
  volume={400},
  number={700W},
  pages={1--75},
  year={2023}
}

@article{kagel1993independent,
  title={Independent private value auctions: Bidder behaviour in first-, second-and third-price auctions with varying numbers of bidders},
  author={Kagel, John H and Levin, Dan},
  journal={The Economic Journal},
  volume={103},
  number={419},
  pages={868--879},
  year={1993},
  publisher={Oxford University Press Oxford, UK}
}

@article{kagel1987information,
  title={Information impact and allocation rules in auctions with affiliated private values: A laboratory study},
  author={Kagel, John H and Harstad, Ronald M and Levin, Dan and others},
  journal={Econometrica},
  volume={55},
  number={6},
  pages={1275--1304},
  year={1987}
}

@article{thaler1988anomalies,
  title={Anomalies: The winner's curse},
  author={Thaler, Richard H},
  journal={Journal of economic perspectives},
  volume={2},
  number={1},
  pages={191--202},
  year={1988},
  publisher={American Economic Association}
}

@article{charness2009origin,
  title={The origin of the winner's curse: a laboratory study},
  author={Charness, Gary and Levin, Dan},
  journal={American Economic Journal: Microeconomics},
  volume={1},
  number={1},
  pages={207--236},
  year={2009},
  publisher={American Economic Association}
}

@article{myerson1981optimal,
  title={Optimal auction design},
  author={Myerson, Roger B},
  journal={Mathematics of operations research},
  volume={6},
  number={1},
  pages={58--73},
  year={1981},
  publisher={INFORMS}
}

@article{capen1971competitive,
  title={Competitive bidding in high-risk situations},
  author={Capen, Edward C and Clapp, Robert V and Campbell, William M},
  journal={Journal of petroleum technology},
  volume={23},
  number={06},
  pages={641--653},
  year={1971},
  publisher={SPE}
}

@article{bazerman1983won,
  title={I won the auction but don't want the prize},
  author={Bazerman, Max H and Samuelson, William F},
  journal={Journal of conflict resolution},
  volume={27},
  number={4},
  pages={618--634},
  year={1983},
  publisher={Sage Publications 275 South Beverly Drive, Beverly Hills, California 90212}
}
@article{kagel1986winner,
  title={The winner's curse and public information in common value auctions},
  author={Kagel, John H and Levin, Dan},
  journal={The American economic review},
  pages={894--920},
  year={1986},
  publisher={JSTOR}
}

@article{li2017obviously,
  title={Obviously strategy-proof mechanisms},
  author={Li, Shengwu},
  journal={American Economic Review},
  volume={107},
  number={11},
  pages={3257--3287},
  year={2017},
  publisher={American Economic Association 2014 Broadway, Suite 305, Nashville, TN 37203}
}

@article{breitmoser2022obviousness,
  title={Obviousness around the clock},
  author={Breitmoser, Yves and Schweighofer-Kodritsch, Sebastian},
  journal={Experimental Economics},
  volume={25},
  number={2},
  pages={483--513},
  year={2022},
  publisher={Springer}
}

@article{bubeck2023sparks,
  title={Sparks of artificial general intelligence: Early experiments with gpt-4},
  author={Bubeck, S{\'e}bastien and Chandrasekaran, Varun and Eldan, Ronen and Gehrke, Johannes and Horvitz, Eric and Kamar, Ece and Lee, Peter and Lee, Yin Tat and Li, Yuanzhi and Lundberg, Scott and others},
  journal={arXiv preprint arXiv:2303.12712},
  year={2023}
}

@techreport{horton2023large,
  title={Large language models as simulated economic agents: What can we learn from homo silicus?},
  author={Horton, John J},
  year={2023},
  institution={National Bureau of Economic Research}
}

@techreport{manning2024automated,
  title={Automated social science: Language models as scientist and subjects},
  author={Manning, Benjamin S and Zhu, Kehang and Horton, John J},
  year={2024},
  institution={National Bureau of Economic Research}
}

@techreport{Horton2024EDSL,
title = {EDSL: Expected Parrot Domain Specific Language for AI Powered Social Science},
author = {John Horton and Apostolos Filippas and Robin Horton},
year = {2024},
institution = {Expected Parrot},
type = {Whitepaper}
}

@article{fish2024algorithmic,
  title={Algorithmic Collusion by Large Language Models},
  author={Fish, Sara and Gonczarowski, Yannai A and Shorrer, Ran I},
  journal={arXiv preprint arXiv:2404.00806},
  year={2024}
}

@inproceedings{aher2023using,
  title={Using large language models to simulate multiple humans and replicate human subject studies},
  author={Aher, Gati V and Arriaga, Rosa I and Kalai, Adam Tauman},
  booktitle={International Conference on Machine Learning},
  pages={337--371},
  year={2023},
  organization={PMLR}
}

@article{achiam2023gpt,
  title={Gpt-4 technical report},
  author={Achiam, Josh and Adler, Steven and Agarwal, Sandhini and Ahmad, Lama and Akkaya, Ilge and Aleman, Florencia Leoni and Almeida, Diogo and Altenschmidt, Janko and Altman, Sam and Anadkat, Shyamal and others},
  journal={arXiv preprint arXiv:2303.08774},
  year={2023}
}

@article{wan2023kelly,
  title={" kelly is a warm person, joseph is a role model": Gender biases in llm-generated reference letters},
  author={Wan, Yixin and Pu, George and Sun, Jiao and Garimella, Aparna and Chang, Kai-Wei and Peng, Nanyun},
  journal={arXiv preprint arXiv:2310.09219},
  year={2023}
}

@article{chen2023put,
  title={Put your money where your mouth is: Evaluating strategic planning and execution of llm agents in an auction arena},
  author={Chen, Jiangjie and Yuan, Siyu and Ye, Rong and Majumder, Bodhisattwa Prasad and Richardson, Kyle},
  journal={arXiv preprint arXiv:2310.05746},
  year={2023}
}

@inproceedings{park2023generative,
  title={Generative agents: Interactive simulacra of human behavior},
  author={Park, Joon Sung and O'Brien, Joseph and Cai, Carrie Jun and Morris, Meredith Ringel and Liang, Percy and Bernstein, Michael S},
  booktitle={Proceedings of the 36th Annual ACM Symposium on User Interface Software and Technology},
  pages={1--22},
  year={2023}
}

@article{brand2023using,
  title={Using gpt for market research},
  author={Brand, James and Israeli, Ayelet and Ngwe, Donald},
  journal={Available at SSRN 4395751},
  year={2023}
}

@book{krishna2009auction,
  title={Auction theory},
  author={Krishna, Vijay},
  year={2009},
  publisher={Academic press}
}


@inproceedings{ramansteer,
  title={STEER: Assessing the Economic Rationality of Large Language Models},
  author={Raman, Narun Krishnamurthi and Lundy, Taylor and Amouyal, Samuel Joseph and Levine, Yoav and Leyton-Brown, Kevin and Tennenholtz, Moshe},
  booktitle={Forty-first International Conference on Machine Learning}
}

@Article{Abril07,
  author 	= "Patricia S. Abril and Robert Plant",
  title 	= "The patent holder's dilemma: Buy, sell, or troll?",
  journal 	= "Communications of the ACM",
  volume 	= "50",
  number 	= "1",
  month 	= jan,
  year 		= "2007",
  pages 	= "36--44",
  doi 		= "10.1145/1188913.1188915",
  url		= "http://doi.acm.org/10.1145/1219092.1219093",
  note		= "",
}

@Article{Cohen07,
  author 	=	"Sarah Cohen and Werner Nutt and Yehoshua Sagic",
  title		=	"Deciding equivalances among conjunctive aggregate queries",
  journal 	=	JACM,
  articleno	=	"5",
  numpages	=	"50",
  volume 	=	"54",
  number 	= 	"2",
  month 	=	apr,
  year 		=	"2007",
  doi 		=	"10.1145/1219092.1219093",
  url 		=	"http://doi.acm.org/10.1145/1219092.1219093",
  acmid		=	"1219093",
  note 		= 	"",
}

